@article{Beenakker2008,
  author = {Beenakker, C. W. J.},
  volume = {80},
  journal = {Rev. Mod. Phys.},
  month = {Oct},
  title = {\textit{Colloquium}      : Andreev reflection and Klein tunneling in graphene},
  year = {2008},
  url = {http://link.aps.org/doi/10.1103/RevModPhys.80.1337},
  doi = {10.1103/RevModPhys.80.1337},
  issue = {4},
  publisher = {American Physical Society},
  pages = {1337--1354}
}

@article{Cadelano2009,
  author = {Cadelano, Emiliano and Palla, Pier Luca and Giordano, Stefano and Colombo, Luciano},
  volume = {102},
  journal = {Phys. Rev. Lett.},
  month = {Jun},
  numpages = {4},
  title = {Nonlinear Elasticity of Monolayer Graphene},
  year = {2009},
  url = {http://link.aps.org/doi/10.1103/PhysRevLett.102.235502},
  doi = {10.1103/PhysRevLett.102.235502},
  issue = {23},
  publisher = {American Physical Society},
  pages = {235502}
}

@article{Pereira2009a,
  author = {Pereira, Vitor M. and Castro Neto, A. H.},
  volume = {103},
  journal = {Phys. Rev. Lett.},
  month = {Jul},
  numpages = {4},
  title = {Strain Engineering of Graphene's Electronic Structure},
  year = {2009},
  url = {http://link.aps.org/doi/10.1103/PhysRevLett.103.046801},
  doi = {10.1103/PhysRevLett.103.046801},
  issue = {4},
  publisher = {American Physical Society},
  pages = {046801}
}

@article{Yan2012,
  author = {Yan, Hui and Sun, Yi and He, Lin and Nie, Jia-Cai and Chan, Moses H. W.},
  volume = {85},
  journal = {Phys. Rev. B},
  month = {Jan},
  numpages = {4},
  title = {Observation of Landau-level-like quantization at 77 K along a strained-induced graphene ridge},
  year = {2012},
  url = {http://link.aps.org/doi/10.1103/PhysRevB.85.035422},
  doi = {10.1103/PhysRevB.85.035422},
  issue = {3},
  publisher = {American Physical Society},
  pages = {035422}
}

@article{Yeh2011,
title = "Strain-induced pseudo-magnetic fields and charging effects on CVD-grown graphene",
journal = "Surface Science",
volume = "605",
number = "17â€“18",
pages = "1649 - 1656",
year = "2011",
note = "<ce:title>Graphene Surfaces and Interfaces</ce:title>",
issn = "0039-6028",
doi = "10.1016/j.susc.2011.03.025",
url = "http://www.sciencedirect.com/science/article/pii/S0039602811002275",
author = "N.-C. Yeh and M.-L. Teague and S. Yeom and B.L. Standley and R.T.-P. Wu and D.A. Boyd and M.W. Bockrath",
keywords = "Scanning tunneling microscopy",
keywords = "Scanning tunneling spectroscopies",
keywords = "Chemical vapor deposition",
keywords = "Quantum effects",
keywords = "Surface structure",
keywords = "Morphology",
keywords = "Topography",
keywords = "Carbon"
}

@article{Fogler2008,
  author = {Fogler, M. M. and Guinea, F. and Katsnelson, M. I.},
  volume = {101},
  journal = {Phys. Rev. Lett.},
  month = {Nov},
  numpages = {4},
  title = {Pseudomagnetic Fields and Ballistic Transport in a Suspended Graphene Sheet},
  year = {2008},
  url = {http://link.aps.org/doi/10.1103/PhysRevLett.101.226804},
  doi = {10.1103/PhysRevLett.101.226804},
  issue = {22},
  publisher = {American Physical Society},
  pages = {226804}
}

@article{Wallace1947,
  author = {Wallace, P. R.},
  volume = {71},
  journal = {Phys. Rev.},
  month = {May},
  title = {The Band Theory of Graphite},
  year = {1947},
  url = {http://link.aps.org/doi/10.1103/PhysRev.71.622},
  doi = {10.1103/PhysRev.71.622},
  issue = {9},
  publisher = {American Physical Society},
  pages = {622--634}
}

@article{Semenoff1984,
  author = {Semenoff, Gordon W.},
  volume = {53},
  journal = {Phys. Rev. Lett.},
  month = {Dec},
  title = {Condensed-Matter Simulation of a Three-Dimensional Anomaly},
  year = {1984},
  url = {http://link.aps.org/doi/10.1103/PhysRevLett.53.2449},
  doi = {10.1103/PhysRevLett.53.2449},
  issue = {26},
  publisher = {American Physical Society},
  pages = {2449--2452}
}

@article{CastroNeto2009,
  author = {Castro Neto, A. H. and Guinea, F. and Peres, N. M. R. and Novoselov, K. S. and Geim, A. K.},
  volume = {81},
  journal = {Rev. Mod. Phys.},
  month = {Jan},
  title = {The electronic properties of graphene},
  year = {2009},
  url = {http://link.aps.org/doi/10.1103/RevModPhys.81.109},
  doi = {10.1103/RevModPhys.81.109},
  issue = {1},
  publisher = {American Physical Society},
  pages = {109--162}
}

@article{Hasegawa2006,
  author = {Hasegawa, Yasumasa and Konno, Rikio and Nakano, Hiroki and Kohmoto, Mahito},
  volume = {74},
  journal = {Phys. Rev. B},
  month = {Jul},
  numpages = {4},
  title = {Zero modes of tight-binding electrons on the honeycomb lattice},
  year = {2006},
  url = {http://link.aps.org/doi/10.1103/PhysRevB.74.033413},
  doi = {10.1103/PhysRevB.74.033413},
  issue = {3},
  publisher = {American Physical Society},
  pages = {033413}
}

@article{Pereira2009,
  author = {Pereira, Vitor M. and Castro Neto, A. H. and Peres, N. M. R.},
  volume = {80},
  journal = {Phys. Rev. B},
  month = {Jul},
  numpages = {8},
  title = {Tight-binding approach to uniaxial strain in graphene},
  year = {2009},
  url = {http://link.aps.org/doi/10.1103/PhysRevB.80.045401},
  doi = {10.1103/PhysRevB.80.045401},
  issue = {4},
  publisher = {American Physical Society},
  pages = {045401}
}

@article{Pereira2010c,
  author={Vitor M. Pereira and R. M. Ribeiro and N. M. R. Peres and A. H. Castro Neto},
  title={Optical properties of strained graphene},
  journal={EPL (Europhysics Letters)},
  volume={92},
  number={6},
  pages={67001},
  url={http://stacks.iop.org/0295-5075/92/i=6/a=67001},
  year={2010},
}

@article{Choi2010,
  author = {Choi, Seon-Myeong and Jhi, Seung-Hoon and Son, Young-Woo},
  volume = {81},
  journal = {Phys. Rev. B},
  month = {Feb},
  numpages = {4},
  title = {Effects of strain on electronic properties of graphene},
  year = {2010},
  url = {http://link.aps.org/doi/10.1103/PhysRevB.81.081407},
  doi = {10.1103/PhysRevB.81.081407},
  issue = {8},
  publisher = {American Physical Society},
  pages = {081407}
}

@article{Pellegrino2010,
  author = {Pellegrino, F. M. D. and Angilella, G. G. N. and Pucci, R.},
  volume = {81},
  journal = {Phys. Rev. B},
  month = {Jan},
  numpages = {12},
  title = {Strain effect on the optical conductivity of graphene},
  year = {2010},
  url = {http://link.aps.org/doi/10.1103/PhysRevB.81.035411},
  doi = {10.1103/PhysRevB.81.035411},
  issue = {3},
  publisher = {American Physical Society},
  pages = {035411}
}

@article{Yoon2011,
  author = {Yoon, Duhee and Son, Young-Woo and Cheong, Hyeonsik},
  volume = {106},
  journal = {Phys. Rev. Lett.},
  month = {Apr},
  numpages = {4},
  title = {Strain-Dependent Splitting of the Double-Resonance Raman Scattering Band in Graphene},
  year = {2011},
  url = {http://link.aps.org/doi/10.1103/PhysRevLett.106.155502},
  doi = {10.1103/PhysRevLett.106.155502},
  issue = {15},
  publisher = {American Physical Society},
  pages = {155502}
}

@article{Vozmediano2010,
title = "Gauge fields in graphene",
journal = "Physics Reports",
volume = "496",
number = "4â€“5",
pages = "109 - 148",
year = "2010",
note = "",
issn = "0370-1573",
doi = "10.1016/j.physrep.2010.07.003",
url = "http://www.sciencedirect.com/science/article/pii/S0370157310001729",
author = "M.A.H. Vozmediano and M.I. Katsnelson and F. Guinea",
keywords = "Graphene",
keywords = "Fermions in curved background",
keywords = "Elasticity theory",
keywords = "Gauge formulation of elasticity"
}

@article{Manes2007,
  author = {Ma\~nes, J. L.},
  volume = {76},
  journal = {Phys. Rev. B},
  month = {Jul},
  numpages = {10},
  title = {Symmetry-based approach to electron-phonon interactions in graphene},
  year = {2007},
  url = {http://link.aps.org/doi/10.1103/PhysRevB.76.045430},
  doi = {10.1103/PhysRevB.76.045430},
  issue = {4},
  publisher = {American Physical Society},
  pages = {045430}
}

@article{Ribeiro2009,
  author={R M Ribeiro and Vitor M Pereira and N M R Peres and P R Briddon and A H Castro Neto},
  title={Strained graphene: tight-binding and density functional calculations},
  journal={New Journal of Physics},
  volume={11},
  number={11},
  pages={115002},
  url={http://stacks.iop.org/1367-2630/11/i=11/a=115002},
  year={2009},
}

@article{Cheianov2007,
author = {Cheianov, Vadim V. and Fal'ko, Vladimir and Altshuler, B. L.}, 
title = {The Focusing of Electron Flow and a Veselago Lens in Graphene p-n Junctions}, 
volume = {315}, 
number = {5816}, 
pages = {1252-1255}, 
year = {2007}, 
doi = {10.1126/science.1138020}, 
URL = {http://www.sciencemag.org/content/315/5816/1252.abstract}, 
eprint = {http://www.sciencemag.org/content/315/5816/1252.full.pdf}, 
journal = {Science} 
}

@article{Novoselov2007,
author = {Novoselov, K. S. and Jiang, Z. and Zhang, Y. and Morozov, S. V. and Stormer, H. L. and Zeitler, U. and Maan, J. C. and Boebinger, G. S. and Kim, P. and Geim, A. K.}, 
title = {Room-Temperature Quantum Hall Effect in Graphene}, 
volume = {315}, 
number = {5817}, 
pages = {1379}, 
year = {2007}, 
doi = {10.1126/science.1137201}, 
URL = {http://www.sciencemag.org/content/315/5817/1379.abstract}, 
eprint = {http://www.sciencemag.org/content/315/5817/1379.full.pdf}, 
journal = {Science} 
}

@article{Lee2008,
author = {Lee, Changgu and Wei, Xiaoding and Kysar, Jeffrey W. and Hone, James}, 
title = {Measurement of the Elastic Properties and Intrinsic Strength of Monolayer Graphene}, 
volume = {321}, 
number = {5887}, 
pages = {385-388}, 
year = {2008}, 
doi = {10.1126/science.1157996}, 
URL = {http://www.sciencemag.org/content/321/5887/385.abstract}, 
eprint = {http://www.sciencemag.org/content/321/5887/385.full.pdf}, 
journal = {Science} 
}

@article{Levy2010,
author = {Levy, N. and Burke, S. A. and Meaker, K. L. and Panlasigui, M. and Zettl, A. and Guinea, F. and Neto, A. H. Castro and Crommie, M. F.}, 
title = {Strain-Induced Pseudoâ€“Magnetic Fields Greater Than 300 Tesla in Graphene Nanobubbles}, 
volume = {329}, 
number = {5991}, 
pages = {544-547}, 
year = {2010}, 
doi = {10.1126/science.1191700}, 
URL = {http://www.sciencemag.org/content/329/5991/544.abstract}, 
eprint = {http://www.sciencemag.org/content/329/5991/544.full.pdf}, 
journal = {Science} 
}

@Article{Sasaki2005,
  title = {Local Energy Gap in Deformed Carbon Nanotubes},
  author = {Ken-ichi Sasaki and Yoshiyuki Kawazoe and Riichiro Saito},
  journal = {Progress of Theoretical Physics},
  volume = {113},
  number = {3},
  pages = {463-480},
  numpages = {17},
  year = {2005},
  url = {http://ptp.ipap.jp/link?PTP/113/463/},
  doi = {10.1143/PTP.113.463},
  publisher = {Progress of Theoretical Physics}
}

@Article{Ando2005,
  title = {Theory of Electronic States and Transport in Carbon Nanotubes},
  author = {Tsuneya Ando},
  journal = {Journal of the Physical Society of Japan},
  volume = {74},
  number = {3},
  pages = {777-817},
  numpages = {40},
  year = {2005},
  url = {http://jpsj.ipap.jp/link?JPSJ/74/777/},
  doi = {10.1143/JPSJ.74.777},
  publisher = {The Physical Society of Japan}
}

@Article{Ando2006,
  title = {Anomaly of Optical Phonon in Monolayer Graphene},
  author = {Tsuneya Ando},
  journal = {Journal of the Physical Society of Japan},
  volume = {75},
  number = {12},
  pages = {124701},
  numpages = {5},
  year = {2006},
  url = {http://jpsj.ipap.jp/link?JPSJ/75/124701/},
  doi = {10.1143/JPSJ.75.124701},
  publisher = {The Physical Society of Japan}
}

@article{Blakslee1970,
author = {O. L. Blakslee and D. G. Proctor and E. J. Seldin and G. B. Spence and T. Weng},
collaboration = {},
title = {Elastic Constants of Compression-Annealed Pyrolytic Graphite},
publisher = {AIP},
year = {1970},
journal = {Journal of Applied Physics},
volume = {41},
number = {8},
pages = {3373-3382},
url = {http://link.aip.org/link/?JAP/41/3373/1},
doi = {10.1063/1.1659428}
}

@article{Guinea2009,
author= {F. Guinea and M. I. Katsnelson and A. K. Geim},
title={Energy gaps and a zero-field quantum Hall effect in graphene by strain engineering},
volume = {6}, 
pages = {30-33}, 
year = {2010}, 
journal={Nature Physics},
doi = {10.1038/nphys1420}, 
URL = {http://www.nature.com/nphys/journal/v6/n1/full/nphys1420.html}
}

@article{Kim2009,
author= {Keun Soo Kim and Yue Zhao and Houk Jang and Sang Yoon Lee and Jong Min Kim and Kwang S. Kim and Jong-Hyun Ahn and Philip Kim and Jae-Young Choi and Byung Hee Hong},
title={Large-scale pattern growth of graphene films for stretchable transparent electrodes},
volume = {457}, 
pages = {706-710}, 
year = {2009}, 
journal={Nature},
doi = {10.1038/nature07719}, 
URL = {http://www.nature.com/nature/journal/v457/n7230/full/nature07719.html#References}
}

@article{Rycerz2007,
author= {A. Rycerz and J. Tworzydo and C. W. J. Beenakker},
title={Valley filter and valley valve in graphene},
volume = {3}, 
pages = {172}, 
year = {2007}, 
journal={Nature Physics},
doi = {10.1038/nphys547}, 
URL = {http://www.nature.com/nphys/journal/v3/n3/full/nphys547.html}
}

@article{Bena2009,
  author={Cristina Bena and Gilles Montambaux},
  title={Remarks on the tight-binding model of graphene},
  journal={New Journal of Physics},
  volume={11},
  number={9},
  pages={095003},
  url={http://stacks.iop.org/1367-2630/11/i=9/a=095003},
  year={2009}
}

@article{deJuan2013,
  title = {Gauge fields from strain in graphene},
  author = {de Juan, Fernando and Ma\~nes, Juan L. and Vozmediano, Mar\'\ia A. H.},
  journal = {Phys. Rev. B},
  volume = {87},
  issue = {16},
  pages = {165131},
  numpages = {6},
  year = {2013},
  month = {Apr},
  doi = {10.1103/PhysRevB.87.165131},
  url = {http://link.aps.org/doi/10.1103/PhysRevB.87.165131},
  publisher = {American Physical Society}
}